@inproceedings{clark2003knowledge,
  title={A knowledge plane for the internet},
  author={Clark, David D and Partridge, Craig and Ramming, J Christopher and Wroclawski, John T},
  booktitle={Proceedings of the 2003 conference on Applications, technologies, architectures, and protocols for computer communications},
  pages={3--10},
  year={2003},
  organization={ACM}
}

@inproceedings{katz2008studying,
  title={Studying Black Holes in the Internet with Hubble.},
  author={Katz-Bassett, Ethan and Madhyastha, Harsha V and John, John P and Krishnamurthy, Arvind and Wetherall, David and Anderson, Thomas E},
  booktitle={NSDI},
  pages={247--262},
  year={2008}
}

@inproceedings{sanchez2013dasu,
  title={Dasu: Pushing experiments to the Internetâ€™s edge},
  author={S{\'a}nchez, Mario A and Otto, John S and Bischof, Zachary S and Choffnes, David R and Bustamante, Fabi{\'a}n E and Krishnamurthy, Balachander and Willinger, Walter},
  booktitle={Proc. of USENIX NSDI},
  year={2013}
}

@article{jain2003end,
  title={End-to-end available bandwidth: measurement methodology, dynamics, and relation with TCP throughput},
  author={Jain, Manish and Dovrolis, Constantinos},
  journal={IEEE/ACM Transactions on Networking (TON)},
  volume={11},
  number={4},
  pages={537--549},
  year={2003},
  publisher={IEEE Press}
}

@inproceedings{strauss2003measurement,
  title={A measurement study of available bandwidth estimation tools},
  author={Strauss, Jacob and Katabi, Dina and Kaashoek, Frans},
  booktitle={Proceedings of the 3rd ACM SIGCOMM conference on Internet measurement},
  pages={39--44},
  year={2003},
  organization={ACM}
}

@inproceedings{strauss2003measurement,
  title={A measurement study of available bandwidth estimation tools},
  author={Strauss, Jacob and Katabi, Dina and Kaashoek, Frans},
  booktitle={Proceedings of the 3rd ACM SIGCOMM conference on Internet measurement},
  pages={39--44},
  year={2003},
  organization={ACM}
}

@article{hu2003evaluation,
  title={Evaluation and characterization of available bandwidth probing techniques},
  author={Hu, Ningning and Steenkiste, Peter},
  journal={Selected Areas in Communications, IEEE Journal on},
  volume={21},
  number={6},
  pages={879--894},
  year={2003},
  publisher={IEEE}
}

@article{halevy2009unreasonable,
  title={The unreasonable effectiveness of data},
  author={Halevy, Alon and Norvig, Peter and Pereira, Fernando},
  journal={Intelligent Systems, IEEE},
  volume={24},
  number={2},
  pages={8--12},
  year={2009},
  publisher={IEEE}
}

@inproceedings{agarwal2010webprofiler,
  title={WebProfiler: cooperative diagnosis of Web failures},
  author={Agarwal, Sharad and Liogkas, Nikitas and Mohan, Prashanth and Padmanabhan, Venkata N},
  booktitle={Communication Systems and Networks (COMSNETS), 2010 Second International Conference on},
  pages={1--11},
  year={2010},
  organization={IEEE}
}

@inproceedings{dinu2011inferring,
  title={Inferring a network congestion map with zero traffic overhead},
  author={Dinu, Florin and Ng, TS Eugene},
  booktitle={Network Protocols (ICNP), 2011 19th IEEE International Conference on},
  pages={69--78},
  year={2011},
  organization={IEEE}
}

@inproceedings{choffnes2010crowdsourcing,
  title={Crowdsourcing service-level network event monitoring},
  author={Choffnes, David R and Bustamante, Fabi{\'a}n E and Ge, Zihui},
  booktitle={ACM SIGCOMM Computer Communication Review},
  volume={40},
  number={4},
  pages={387--398},
  year={2010},
  organization={ACM}
}

@inproceedings{otto2011blind,
  title={On blind mice and the elephant},
  author={Otto, John S and S{\'a}nchez, Mario A and Choffnes, David R and Bustamante, Fabi{\'a}n E and Siganos, Georgos},
  booktitle={Proc. of ACM SIGCOMM},
  year={2011}
}
